<record><leader>00000cas a22000007a 4500</leader><controlfield tag="001">12963499</controlfield><controlfield tag="008">860102d186u18uumsuwr ne      0    0eng d</controlfield><datafield ind1=" " ind2=" " tag="010"><subfield code="a">sn 85034524 </subfield></datafield><datafield ind1=" " ind2=" " tag="040"><subfield code="a">NPU</subfield><subfield code="b">eng</subfield><subfield code="c">NPU</subfield><subfield code="d">OCLCQ</subfield></datafield><datafield ind1=" " ind2=" " tag="042"><subfield code="a">msc</subfield></datafield><datafield ind1="0" ind2=" " tag="130"><subfield code="a">Southern rural gentleman (Grenada, Miss. : 1861)</subfield></datafield><datafield ind1="1" ind2="4" tag="245"><subfield code="a">The Southern rural gentleman.</subfield></datafield><datafield ind1=" " ind2=" " tag="260"><subfield code="a">Grenada, Miss. :</subfield><subfield code="b">Davis &amp; Statham</subfield></datafield><datafield ind1=" " ind2=" " tag="300"><subfield code="a">v. ;</subfield><subfield code="c">53 cm.</subfield></datafield><datafield ind1=" " ind2=" " tag="310"><subfield code="a">Weekly</subfield></datafield><datafield ind1=" " ind2=" " tag="500"><subfield code="a">"A progressive agricultural, horticultural, stock, and family newspapers."</subfield></datafield><datafield ind1=" " ind2=" " tag="500"><subfield code="a">Editors: J.L. Davis, T.B. Statham, &lt;1873&gt;.</subfield></datafield><datafield ind1=" " ind2=" " tag="588"><subfield code="a">Description based on: Vol. 4, no. 41 (Oct. 12, 1861).</subfield></datafield><datafield ind1=" " ind2=" " tag="752"><subfield code="a">United States</subfield><subfield code="b">Mississippi</subfield><subfield code="d">Grenada.</subfield></datafield><datafield ind1="1" ind2=" " tag="029"><subfield code="a">AU@</subfield><subfield code="b">000025784003</subfield></datafield></record>